@article{dirac1928,
  title = {The Quantum Theory of the Electron},
  author = {Dirac, Paul Adrien Maurice and Fowler, Ralph Howard},
  year = {1928},
  month = jan,
  journal = {Proceedings of the Royal Society of London. Series A, Containing Papers of a Mathematical and Physical Character},
  volume = {117},
  number = {778},
  pages = {610--624},
  publisher = {Royal Society},
  doi = {10.1098/rspa.1928.0023},
}
